<?xml version="1.0" encoding="UTF-8"?><collection xmlns="http://www.loc.gov/MARC21/slim"><record><leader>00371nam--2200121-i-4500</leader><controlfield tag="001">000024451</controlfield><controlfield tag="002">20161230</controlfield><controlfield tag="005">20161230201035</controlfield><controlfield tag="008">060222s1000------------r-----000-0-eng-d</controlfield><datafield ind1=" " ind2=" " tag="080"><subfield code="a">537.535.3:548.73(083)</subfield></datafield><datafield ind1=" " ind2=" " tag="245"><subfield code="a">Index to the x-ray powder data file(1960) plus 7 cutii fise astm</subfield></datafield><datafield ind1=" " ind2=" " tag="260"><subfield code="a">Philadelphia, American Society For Testing Materials, 1960. 300p</subfield></datafield><datafield ind1=" " ind2=" " tag="852"><subfield code="a">17999</subfield></datafield></record></collection>